@article{acharyaConstitutiveanalysis2004,
  title = {Constitutive Analysis of Finite Deformation Field Dislocation Mechanics},
  author = {Acharya, Amit},
  year = {2004},
  month = feb,
  journal = {Journal of the Mechanics and Physics of Solids},
  volume = {52},
  number = {2},
  pages = {301--316},
  issn = {00225096},
  doi = {10.1016/S0022-5096(03)00093-0},
  urldate = {2024-10-07},
  copyright = {https://www.elsevier.com/tdm/userlicense/1.0/},
  langid = {english}
}

@article{acharyadislocationmotion2015,
  title = {From Dislocation Motion to an Additive Velocity Gradient Decomposition, and Some Simple Models of Dislocation Dynamics},
  author = {Acharya, Amit and Zhang, Xiaohan},
  year = {2015},
  month = sep,
  journal = {Chinese Annals of Mathematics, Series B},
  volume = {36},
  number = {5},
  pages = {645--658},
  issn = {0252-9599, 1860-6261},
  doi = {10.1007/s11401-015-0970-0},
  urldate = {2024-10-08},
  langid = {english}
}

@article{acharyaDrivingforces2003,
  title = {Driving Forces and Boundary Conditions in Continuum Dislocation Mechanics},
  author = {Acharya, Amit},
  year = {2003},
  month = jun,
  journal = {Proceedings of the Royal Society of London. Series A: Mathematical, Physical and Engineering Sciences},
  volume = {459},
  number = {2034},
  pages = {1343--1363},
  issn = {1364-5021, 1471-2946},
  doi = {10.1098/rspa.2002.1095},
  urldate = {2024-10-14},
  langid = {english}
}

@article{acharyaElasticityphase2022,
  title = {Elasticity versus Phase Field Driven Motion in the Phase Field Crystal Model},
  author = {Acharya, Amit and Angheluta, Luiza and Vi{\~n}als, Jorge},
  year = {2022},
  month = sep,
  journal = {Modelling and Simulation in Materials Science and Engineering},
  volume = {30},
  number = {6},
  pages = {064005},
  issn = {0965-0393, 1361-651X},
  doi = {10.1088/1361-651X/ac860b},
  urldate = {2024-10-14},
  langid = {english}
}

@article{acharyaequationtheory,
  title = {On an Equation from the Theory of Field Dislocation Mechanics},
  author = {Acharya, Amit and Tartar, Luc},
  year = {2011},
  langid = {english}
}

@article{acharyaFielddislocation2020,
  title = {Field Dislocation Mechanics and Phase Field Crystal Models},
  author = {Acharya, Amit and Vi{\~n}als, Jorge},
  year = {2020},
  month = aug,
  journal = {Physical Review B},
  volume = {102},
  number = {6},
  pages = {064109},
  issn = {2469-9950, 2469-9969},
  doi = {10.1103/PhysRevB.102.064109},
  urldate = {2024-10-14},
  langid = {english}
}

@article{acharyaMicrocanonicalEntropy2011,
  title = {Microcanonical {{Entropy}} and {{Mesoscale Dislocation Mechanics}} and {{Plasticity}}},
  author = {Acharya, Amit},
  year = {2011},
  month = aug,
  journal = {Journal of Elasticity},
  volume = {104},
  number = {1-2},
  pages = {23--44},
  issn = {0374-3535, 1573-2681},
  doi = {10.1007/s10659-011-9328-3},
  urldate = {2024-10-07},
  copyright = {http://www.springer.com/tdm},
  langid = {english}
}

@article{acharyamodelcrystal2001,
  title = {A Model of Crystal Plasticity Based on the Theory of Continuously Distributed Dislocations},
  author = {Acharya, Amit},
  year = {2001},
  month = apr,
  journal = {Journal of the Mechanics and Physics of Solids},
  volume = {49},
  number = {4},
  pages = {761--784},
  issn = {00225096},
  doi = {10.1016/S0022-5096(00)00060-0},
  urldate = {2024-10-07},
  copyright = {https://www.elsevier.com/tdm/userlicense/1.0/},
  langid = {english}
}

@article{acharyaNewinroads2010,
  title = {New Inroads in an Old Subject: {{Plasticity}}, from around the Atomic to the Macroscopic Scale},
  shorttitle = {New Inroads in an Old Subject},
  author = {Acharya, Amit},
  year = {2010},
  month = may,
  journal = {Journal of the Mechanics and Physics of Solids},
  volume = {58},
  number = {5},
  pages = {766--778},
  issn = {00225096},
  doi = {10.1016/j.jmps.2010.02.001},
  urldate = {2024-10-11},
  copyright = {https://www.elsevier.com/tdm/userlicense/1.0/},
  langid = {english}
}

@article{acharyaSizeeffects2006,
  title = {Size Effects and Idealized Dislocation Microstructure at Small Scales: {{Predictions}} of a {{Phenomenological}} Model of {{Mesoscopic Field Dislocation Mechanics}}: {{Part I}}},
  shorttitle = {Size Effects and Idealized Dislocation Microstructure at Small Scales},
  author = {Acharya, Amit and Roy, Anish},
  year = {2006},
  month = aug,
  journal = {Journal of the Mechanics and Physics of Solids},
  volume = {54},
  number = {8},
  pages = {1687--1710},
  issn = {0022-5096},
  doi = {10.1016/j.jmps.2006.01.009},
  urldate = {2024-10-07},
  keywords = {Dislocation mechanics,Field theory,Mesoscale,Plasticity}
}

@misc{acharyaStressspatially2018,
  title = {Stress of a Spatially Uniform Dislocation Density Field},
  author = {Acharya, Amit},
  year = {2018},
  month = sep,
  number = {arXiv:1809.03567},
  eprint = {1809.03567},
  primaryclass = {physics},
  publisher = {arXiv},
  urldate = {2024-10-10},
  archiveprefix = {arXiv},
  langid = {english}
}

@article{acharyaTravellingwave2010,
  title = {Travelling Wave Solutions for a Quasilinear Model of Field Dislocation Mechanics},
  author = {Acharya, Amit and Matthies, Karsten and Zimmer, Johannes},
  year = {2010},
  month = dec,
  journal = {Journal of the Mechanics and Physics of Solids},
  volume = {58},
  number = {12},
  pages = {2043--2053},
  issn = {00225096},
  doi = {10.1016/j.jmps.2010.09.008},
  urldate = {2024-10-11},
  copyright = {https://www.elsevier.com/tdm/userlicense/1.0/},
  langid = {english}
}

@article{archerDerivingphase2019,
  title = {Deriving Phase Field Crystal Theory from Dynamical Density Functional Theory: {{Consequences}} of the Approximations},
  shorttitle = {Deriving Phase Field Crystal Theory from Dynamical Density Functional Theory},
  author = {Archer, Andrew J. and Ratliff, Daniel J. and Rucklidge, Alastair M. and Subramanian, Priya},
  year = {2019},
  month = aug,
  journal = {Physical Review E},
  volume = {100},
  number = {2},
  pages = {022140},
  publisher = {American Physical Society},
  doi = {10.1103/PhysRevE.100.022140},
  urldate = {2024-10-16}
}

@phdthesis{aroraComputationalApproximation2019,
  type = {Thesis},
  title = {Computational {{Approximation}} of {{Mesoscale Field Dislocation Mechanics}} at {{Finite Deformation}}},
  author = {Arora, Rajat},
  year = {2019},
  month = mar,
  doi = {10.1184/R1/7797896.v1},
  urldate = {2024-10-10},
  langid = {english},
  school = {Carnegie Mellon University}
}

@article{aroraDislocationpattern2020,
  title = {Dislocation Pattern Formation in Finite Deformation Crystal Plasticity},
  author = {Arora, Rajat and Acharya, Amit},
  year = {2020},
  month = feb,
  journal = {International Journal of Solids and Structures},
  volume = {184},
  pages = {114--135},
  issn = {00207683},
  doi = {10.1016/j.ijsolstr.2019.02.013},
  urldate = {2024-10-10},
  langid = {english}
}

@article{aroraFiniteelement2020,
  title = {Finite Element Approximation of Finite Deformation Dislocation Mechanics},
  author = {Arora, Rajat and Zhang, Xiaohan and Acharya, Amit},
  year = {2020},
  month = aug,
  journal = {Computer Methods in Applied Mechanics and Engineering},
  volume = {367},
  pages = {113076},
  issn = {0045-7825},
  doi = {10.1016/j.cma.2020.113076},
  urldate = {2024-10-07},
  keywords = {,Dislocation mechanics,Finite deformation,Size effect,Strain gradient plasticity}
}

@article{bartelsCahnHilliardPhase2021,
  title = {Cahn--{{Hilliard}} Phase Field Theory Coupled to Mechanics: {{Fundamentals}}, Numerical Implementation and Application to Topology Optimization},
  shorttitle = {Cahn--{{Hilliard}} Phase Field Theory Coupled to Mechanics},
  author = {Bartels, Alexander and Kurzeja, Patrick and Mosler, J{\"o}rn},
  year = {2021},
  month = sep,
  journal = {Computer Methods in Applied Mechanics and Engineering},
  volume = {383},
  pages = {113918},
  issn = {0045-7825},
  doi = {10.1016/j.cma.2021.113918},
  urldate = {2025-01-03},
  keywords = {Cahn-Hilliard theory,Fischer-Burmeister NCP function,Phase field,Topology optimization}
}

@article{beckerLocalcontrol2018,
  title = {Local Control of Globally Competing Patterns in Coupled {{Swift}}--{{Hohenberg}} Equations},
  author = {Becker, Maximilian and Frenzel, Thomas and Niedermayer, Thomas and Reichelt, Sina and Mielke, Alexander and B{\"a}r, Markus},
  year = {2018},
  month = apr,
  journal = {Chaos: An Interdisciplinary Journal of Nonlinear Science},
  volume = {28},
  number = {4},
  pages = {043121},
  issn = {1054-1500, 1089-7682},
  doi = {10.1063/1.5018139},
  urldate = {2024-10-15},
  langid = {english}
}

@article{benardtourbillonscellulaires1901,
  title = {{Les tourbillons cellulaires dans une nappe liquide. - M{\'e}thodes optiques d'observation et d'enregistrement}},
  author = {B{\'e}nard, Henri},
  year = {1901},
  journal = {Journal de Physique Th{\'e}orique et Appliqu{\'e}e},
  volume = {10},
  number = {1},
  pages = {254--266},
  issn = {0368-3893},
  doi = {10.1051/jphystap:0190100100025400},
  urldate = {2024-10-15},
  langid = {french}
}

@article{berbenniNumericalSpectralApproach2014,
  title = {A Numerical Spectral Approach for Solving Elasto-Static Field Dislocation and g-Disclination Mechanics},
  author = {Berbenni, St{\'e}phane and Taupin, Vincent and Djaka, Komlan S{\'e}nam and Fressengeas, Claude},
  year = {2014},
  month = nov,
  journal = {International Journal of Solids and Structures},
  volume = {51},
  number = {23},
  pages = {4157--4175},
  issn = {0020-7683},
  doi = {10.1016/j.ijsolstr.2014.08.009},
  urldate = {2025-01-02},
  keywords = {Discrete Fourier transforms,Dislocations,Elastic fields,Fast Fourier Transform,g-disclinations}
}

@article{bertinFrontiersSimulation2020,
  title = {Frontiers in the {{Simulation}} of {{Dislocations}}},
  author = {Bertin, Nicolas and Sills, Ryan B. and Cai, Wei},
  year = {2020},
  month = jul,
  journal = {Annual Review of Materials Research},
  volume = {50},
  number = {1},
  pages = {437--464},
  issn = {1531-7331, 1545-4118},
  doi = {10.1146/annurev-matsci-091819-015500},
  urldate = {2024-10-06},
  langid = {english},
  keywords = {,Dislocations}
}

@article{burkeLocalizedStatesGeneralized2006,
  title = {Localized States in the Generalized {{Swift-Hohenberg}} Equation},
  author = {Burke, John and Knobloch, Edgar},
  year = {2006},
  month = may,
  journal = {Physical Review E},
  volume = {73},
  number = {5},
  pages = {056211},
  issn = {1539-3755, 1550-2376},
  doi = {10.1103/PhysRevE.73.056211},
  urldate = {2025-01-03},
  copyright = {http://link.aps.org/licenses/aps-default-license},
  langid = {english}
}

@article{chengEfficientAlgorithmSolving2008,
  title = {An Efficient Algorithm for Solving the Phase Field Crystal Model},
  author = {Cheng, Mowei and Warren, James A.},
  year = {2008},
  month = jun,
  journal = {Journal of Computational Physics},
  volume = {227},
  number = {12},
  pages = {6241--6248},
  issn = {0021-9991},
  doi = {10.1016/j.jcp.2008.03.012},
  urldate = {2024-12-23},
  keywords = {Phase field crystal model,Unconditionally stable}
}

@book{crossPatternFormation2009,
  title = {Pattern {{Formation}} and {{Dynamics}} in {{Nonequilibrium Systems}}},
  author = {Cross, Michael and Greenside, Henry},
  year = {2009},
  month = jul,
  edition = {1},
  publisher = {Cambridge University Press},
  doi = {10.1017/CBO9780511627200},
  urldate = {2024-10-15},
  copyright = {https://www.cambridge.org/core/terms},
  isbn = {978-0-521-77935-7 978-0-521-77050-7 978-0-511-62720-0},
  langid = {english}
}

@article{elderModelingelastic2004,
  title = {Modeling Elastic and Plastic Deformations in Nonequilibrium Processing Using Phase Field Crystals},
  author = {Elder, K. R. and Grant, Martin},
  year = {2004},
  month = nov,
  journal = {Physical Review E},
  volume = {70},
  number = {5},
  pages = {051605},
  publisher = {American Physical Society},
  doi = {10.1103/PhysRevE.70.051605},
  urldate = {2024-10-15}
}

@article{elderModelingElasticity2002,
  title = {Modeling {{Elasticity}} in {{Crystal Growth}}},
  author = {Elder, K. R. and Katakowski, Mark and Haataja, Mikko and Grant, Martin},
  year = {2002},
  month = jun,
  journal = {Physical Review Letters},
  volume = {88},
  number = {24},
  pages = {245701},
  publisher = {American Physical Society},
  doi = {10.1103/PhysRevLett.88.245701},
  urldate = {2024-10-16}
}

@article{elderPhasefieldcrystal2007,
  title = {Phase-Field Crystal Modeling and Classical Density Functional Theory of Freezing},
  author = {Elder, K. R. and Provatas, Nikolas and Berry, Joel and Stefanovic, Peter and Grant, Martin},
  year = {2007},
  month = feb,
  journal = {Physical Review B},
  volume = {75},
  number = {6},
  pages = {064107},
  publisher = {American Physical Society},
  doi = {10.1103/PhysRevB.75.064107},
  urldate = {2024-10-16}
}

@article{elseySimpleEfficientScheme2013,
  title = {A Simple and Efficient Scheme for Phase Field Crystal Simulation},
  author = {Elsey, Matt and Wirth, Benedikt},
  year = {2013},
  month = sep,
  journal = {ESAIM: Mathematical Modelling and Numerical Analysis},
  volume = {47},
  number = {5},
  pages = {1413--1432},
  publisher = {EDP Sciences},
  issn = {0764-583X, 1290-3841},
  doi = {10.1051/m2an/2013074},
  urldate = {2024-12-23},
  copyright = {{\copyright} EDP Sciences, SMAI, 2013},
  langid = {english}
}

@article{foxContinuumTheory1966,
  title = {A {{Continuum Theory}} of {{Dislocations}} for {{Single Crystals}}},
  author = {Fox, N.},
  year = {1966},
  month = dec,
  journal = {IMA Journal of Applied Mathematics},
  volume = {2},
  number = {4},
  pages = {285--298},
  issn = {0272-4960},
  doi = {10.1093/imamat/2.4.285},
  urldate = {2024-10-08}
}

@book{fressengeasMechanicsdislocation2017,
  title = {Mechanics of Dislocation Fields},
  author = {Fressengeas, Claude},
  year = {2017},
  series = {Materials Science Series},
  publisher = {ISTE, Ltd},
  address = {London, UK Hoboken, NJ},
  isbn = {978-1-84821-375-3},
  langid = {english},
  keywords = {FDM}
}

@article{gomezNewSpaceTime2012,
  title = {A New Space--Time Discretization for the {{Swift}}--{{Hohenberg}} Equation That Strictly Respects the {{Lyapunov}} Functional},
  author = {Gomez, Hector and Nogueira, Xes{\'u}s},
  year = {2012},
  month = dec,
  journal = {Communications in Nonlinear Science and Numerical Simulation},
  volume = {17},
  number = {12},
  pages = {4930--4946},
  issn = {1007-5704},
  doi = {10.1016/j.cnsns.2012.05.018},
  urldate = {2024-12-23},
  keywords = {Isogeometric Analysis,Nonlinear stability,Pattern formation,Rayleigh-Benard convection,Swift-Hohenberg,Time-integration,Unconditionally stable}
}

@article{greenwoodPhasefieldcrystalmethodology2011,
  title = {Phase-Field-Crystal Methodology for Modeling of Structural Transformations},
  author = {Greenwood, Michael and Rottler, J{\"o}rg and Provatas, Nikolas},
  year = {2011},
  month = mar,
  journal = {Physical Review E},
  volume = {83},
  number = {3},
  pages = {031601},
  issn = {1539-3755, 1550-2376},
  doi = {10.1103/PhysRevE.83.031601},
  urldate = {2024-10-16},
  copyright = {http://link.aps.org/licenses/aps-default-license},
  langid = {english}
}

@article{heinonenConsistentHydrodynamics2016,
  title = {Consistent {{Hydrodynamics}} for {{Phase Field Crystals}}},
  author = {Heinonen, V. and Achim, C. V. and Kosterlitz, J. M. and Ying, See-Chen and Lowengrub, J. and {Ala-Nissila}, T.},
  year = {2016},
  month = jan,
  journal = {Physical Review Letters},
  volume = {116},
  number = {2},
  pages = {024303},
  publisher = {American Physical Society},
  doi = {10.1103/PhysRevLett.116.024303},
  urldate = {2024-10-16}
}

@article{hochrainerFundamentalscontinuum2005,
  title = {Fundamentals of a Continuum Theory of Dislocations},
  author = {Hochrainer, Thomas and Zaiser, Michael},
  year = {2005},
  langid = {english}
}

@article{huStableEfficientFinitedifference2009,
  title = {Stable and Efficient Finite-Difference Nonlinear-Multigrid Schemes for the Phase Field Crystal Equation},
  author = {Hu, Z. and Wise, S. M. and Wang, C. and Lowengrub, J. S.},
  year = {2009},
  month = aug,
  journal = {Journal of Computational Physics},
  volume = {228},
  number = {15},
  pages = {5323--5339},
  issn = {0021-9991},
  doi = {10.1016/j.jcp.2009.04.020},
  urldate = {2024-12-23},
  keywords = {Energy stability,Finite difference,Multigrid,Phase field crystal}
}

@article{huterNonlinearelastic2016,
  title = {Nonlinear Elastic Effects in Phase Field Crystal and Amplitude Equations: {{Comparison}} to Ab Initio Simulations of Bcc Metals and Graphene},
  shorttitle = {Nonlinear Elastic Effects in Phase Field Crystal and Amplitude Equations},
  author = {H{\"u}ter, Claas and Fri{\'a}k, Martin and Weikamp, Marc and Neugebauer, J{\"o}rg and Goldenfeld, Nigel and Svendsen, Bob and Spatschek, Robert},
  year = {2016},
  month = jun,
  journal = {Physical Review B},
  volume = {93},
  number = {21},
  pages = {214105},
  publisher = {American Physical Society},
  doi = {10.1103/PhysRevB.93.214105},
  urldate = {2024-10-15}
}

@article{jaatinenExtendedphase2010,
  title = {Extended Phase Diagram of the Three-Dimensional Phase Field Crystal Model},
  author = {Jaatinen, A and {Ala-Nissila}, T},
  year = {2010},
  month = may,
  journal = {Journal of Physics: Condensed Matter},
  volume = {22},
  number = {20},
  pages = {205402},
  issn = {0953-8984, 1361-648X},
  doi = {10.1088/0953-8984/22/20/205402},
  urldate = {2024-10-16},
  langid = {english}
}

@article{kosevichDYNAMICALTHEORY,
  title = {{{DYNAMICAL THEORY OF DISLOCATIONS}}},
  author = {Kosevich, A M},
  year = {1965},
  langid = {english}
}

@article{leeNewConservativeSwift2020,
  title = {A New Conservative {{Swift}}--{{Hohenberg}} Equation and Its Mass Conservative Method},
  author = {Lee, Hyun Geun},
  year = {2020},
  month = sep,
  journal = {Journal of Computational and Applied Mathematics},
  volume = {375},
  pages = {112815},
  issn = {0377-0427},
  doi = {10.1016/j.cam.2020.112815},
  urldate = {2025-01-03},
  keywords = {Fourier spectral method,Mass conservation,Operator splitting,Pattern formation,Swift-Hohenberg equation}
}

@article{leeSemianalyticalFourierSpectral2017,
  title = {A Semi-Analytical {{Fourier}} Spectral Method for the {{Swift}}--{{Hohenberg}} Equation},
  author = {Lee, Hyun Geun},
  year = {2017},
  month = oct,
  journal = {Computers \& Mathematics with Applications},
  volume = {74},
  number = {8},
  pages = {1885--1896},
  issn = {0898-1221},
  doi = {10.1016/j.camwa.2017.06.053},
  urldate = {2024-12-23},
  keywords = {First- and second-order convergence,Fourier spectral method,Operator splitting method,Swift-Hohenberg equation}
}

@phdthesis{lima-chavesthermomechanicsfield,
  type = {Thesis},
  title = {On the Thermomechanics of Field Dislocations},
  author = {{Lima-Chaves}, Gabriel Dante},
  year = {2024},
  langid = {english}
}

@article{lopez-pamiesMECHANICSSOLIDS,
  title = {{{MECHANICS OF SOLIDS}}: {{A Continuum Perspective}}},
  author = {{Lopez-Pamies}, Oscar},
  langid = {english}
}

@article{mermintopologicaltheory1979,
  title = {The Topological Theory of Defects in Ordered Media},
  author = {Mermin, N. D.},
  year = {1979},
  month = jul,
  journal = {Reviews of Modern Physics},
  volume = {51},
  number = {3},
  pages = {591--648},
  publisher = {American Physical Society},
  doi = {10.1103/RevModPhys.51.591},
  urldate = {2024-10-15}
}

@article{mkhontaExploringComplex2013,
  title = {Exploring the {{Complex World}} of {{Two-Dimensional Ordering}} with {{Three Modes}}},
  author = {Mkhonta, S. K. and Elder, K. R. and Huang, Zhi-Feng},
  year = {2013},
  month = jul,
  journal = {Physical Review Letters},
  volume = {111},
  number = {3},
  pages = {035501},
  publisher = {American Physical Society},
  doi = {10.1103/PhysRevLett.111.035501},
  urldate = {2024-10-16}
}

@article{muraContinuousdistribution1963,
  title = {Continuous Distribution of Moving Dislocations},
  author = {Mura, T.},
  year = {1963},
  month = may,
  journal = {Philosophical Magazine},
  volume = {8},
  number = {89},
  pages = {843--857},
  issn = {0031-8086},
  doi = {10.1080/14786436308213841},
  urldate = {2024-10-07},
  langid = {english}
}

@article{nelsonBondorientationalorder1981,
  title = {Bond-Orientational Order, Dislocation Loops, and Melting of Solids and Smectic-\${{A}}\$ Liquid Crystals},
  author = {Nelson, David R. and Toner, John},
  year = {1981},
  month = jul,
  journal = {Physical Review B},
  volume = {24},
  number = {1},
  pages = {363--387},
  publisher = {American Physical Society},
  doi = {10.1103/PhysRevB.24.363},
  urldate = {2024-10-15}
}

@misc{NumericalAnalysisSecondorder,
  title = {Numerical Analysis of a Second-Order Energy-Stable Finite Element Method for the {{Swift-Hohenberg}} Equation - {{ScienceDirect}}},
  urldate = {2024-12-23},
  howpublished = {https://www.sciencedirect.com/science/article/pii/S0168927423002933?via\%3Dihub}
}

@article{perreaultImpactlattice2016,
  title = {Impact of Lattice Rotation on Dislocation Motion},
  author = {Perreault, Brent and Vi{\~n}als, Jorge and Rickman, Jeffrey M.},
  year = {2016},
  month = jan,
  journal = {Physical Review B},
  volume = {93},
  number = {1},
  pages = {014107},
  issn = {2469-9950, 2469-9969},
  doi = {10.1103/PhysRevB.93.014107},
  urldate = {2024-10-14},
  copyright = {http://link.aps.org/licenses/aps-default-license},
  langid = {english}
}

@misc{PhysRev,
  title = {Phys. {{Rev}}. {{E}} 83, 031601 (2011) - {{Phase-field-crystal}} Methodology for Modeling of Structural Transformations},
  urldate = {2024-10-16},
  howpublished = {https://journals.aps.org/pre/abstract/10.1103/PhysRevE.83.031601}
}

@misc{PhysReva,
  title = {Phys. {{Rev}}. {{Lett}}. 111, 035501 (2013) - {{Exploring}} the {{Complex World}} of {{Two-Dimensional Ordering}} with {{Three Modes}}},
  urldate = {2024-10-16},
  howpublished = {https://journals.aps.org/prl/abstract/10.1103/PhysRevLett.111.035501}
}

@misc{PhysRevb,
  title = {Phys. {{Rev}}. {{E}} 100, 022140 (2019) - {{Deriving}} Phase Field Crystal Theory from Dynamical Density Functional Theory: {{Consequences}} of the Approximations},
  urldate = {2024-10-16},
  howpublished = {https://journals.aps.org/pre/abstract/10.1103/PhysRevE.100.022140}
}

@article{qiNumericalAnalysisSecondorder2024,
  title = {Numerical Analysis of a Second-Order Energy-Stable Finite Element Method for the {{Swift-Hohenberg}} Equation},
  author = {Qi, Longzhao},
  year = {2024},
  month = mar,
  journal = {Applied Numerical Mathematics},
  volume = {197},
  pages = {119--142},
  issn = {0168-9274},
  doi = {10.1016/j.apnum.2023.11.014},
  urldate = {2024-12-23},
  keywords = {Crank-Nicolson scheme,Finite element method,Optimal error estimates,Swift-Hohenberg equation}
}

@article{rayleighLIXconvection1916,
  title = {{{LIX}}. {{{\emph{On}}}}{\emph{ Convection Currents in a Horizontal Layer of Fluid, When the Higher Temperature Is on the under Side}}},
  author = {Rayleigh, Lord},
  year = {1916},
  month = dec,
  journal = {The London, Edinburgh, and Dublin Philosophical Magazine and Journal of Science},
  volume = {32},
  number = {192},
  pages = {529--546},
  issn = {1941-5982, 1941-5990},
  doi = {10.1080/14786441608635602},
  urldate = {2024-10-15},
  langid = {english}
}

@article{royFiniteelement2005,
  title = {Finite Element Approximation of Field Dislocation Mechanics},
  author = {Roy, A},
  year = {2005},
  month = jan,
  journal = {Journal of the Mechanics and Physics of Solids},
  volume = {53},
  number = {1},
  pages = {143--170},
  issn = {00225096},
  doi = {10.1016/j.jmps.2004.05.007},
  urldate = {2024-10-14},
  copyright = {https://www.elsevier.com/tdm/userlicense/1.0/},
  langid = {english}
}

@article{salvalagliocoarsegrainedphasefield2020,
  title = {A Coarse-Grained Phase-Field Crystal Model of Plastic Motion},
  author = {Salvalaglio, Marco and Angheluta, Luiza and Huang, Zhi-Feng and Voigt, Axel and Elder, Ken R. and Vi{\~n}als, Jorge},
  year = {2020},
  month = apr,
  journal = {Journal of the Mechanics and Physics of Solids},
  volume = {137},
  pages = {103856},
  issn = {00225096},
  doi = {10.1016/j.jmps.2019.103856},
  urldate = {2024-10-14},
  langid = {english}
}

@misc{schimmingSingularityidentification2022,
  title = {Singularity Identification for the Characterization of Topology, Geometry, and Motion of Nematic Disclination Lines},
  author = {Schimming, Cody D. and Vi{\~n}als, Jorge},
  year = {2022},
  month = feb,
  number = {arXiv:2202.00707},
  eprint = {2202.00707},
  publisher = {arXiv},
  doi = {10.48550/arXiv.2202.00707},
  urldate = {2024-10-15},
  archiveprefix = {arXiv},
  keywords = {Condensed Matter - Soft Condensed Matter}
}

@article{siggiaDynamicsdefects1981,
  title = {Dynamics of Defects in {{Rayleigh-B{\'e}nard}} Convection},
  author = {Siggia, Eric D. and Zippelius, Annette},
  year = {1981},
  month = aug,
  journal = {Physical Review A},
  volume = {24},
  number = {2},
  pages = {1036--1049},
  issn = {0556-2791},
  doi = {10.1103/PhysRevA.24.1036},
  urldate = {2024-10-15},
  copyright = {http://link.aps.org/licenses/aps-default-license},
  langid = {english}
}

@article{skaugenDislocationdynamics2018,
  title = {Dislocation Dynamics and Crystal Plasticity in the Phase-Field Crystal Model},
  author = {Skaugen, Audun and Angheluta, Luiza and Vi{\~n}als, Jorge},
  year = {2018},
  month = feb,
  journal = {Physical Review B},
  volume = {97},
  number = {5},
  pages = {054113},
  issn = {2469-9950, 2469-9969},
  doi = {10.1103/PhysRevB.97.054113},
  urldate = {2024-10-14},
  langid = {english}
}

@article{skaugenSeparationElastic2018,
  title = {Separation of {{Elastic}} and {{Plastic Timescales}} in a {{Phase Field Crystal Model}}},
  author = {Skaugen, Audun and Angheluta, Luiza and Vi{\~n}als, Jorge},
  year = {2018},
  month = dec,
  journal = {Physical Review Letters},
  volume = {121},
  number = {25},
  pages = {255501},
  issn = {0031-9007, 1079-7114},
  doi = {10.1103/PhysRevLett.121.255501},
  urldate = {2024-10-14},
  langid = {english}
}

@article{skogvollDislocationnucleation2021,
  title = {Dislocation Nucleation in the Phase-Field Crystal Model},
  author = {Skogvoll, Vidar and Skaugen, Audun and Angheluta, Luiza and Vi{\~n}als, Jorge},
  year = {2021},
  month = jan,
  journal = {Physical Review B},
  volume = {103},
  number = {1},
  pages = {014107},
  issn = {2469-9950, 2469-9969},
  doi = {10.1103/PhysRevB.103.014107},
  urldate = {2024-10-14},
  langid = {english}
}

@article{skogvollphasefield2022,
  title = {A Phase Field Crystal Theory of the Kinematics of Dislocation Lines},
  author = {Skogvoll, Vidar and Angheluta, Luiza and Skaugen, Audun and Salvalaglio, Marco and Vi{\~n}als, Jorge},
  year = {2022},
  month = sep,
  journal = {Journal of the Mechanics and Physics of Solids},
  volume = {166},
  pages = {104932},
  issn = {00225096},
  doi = {10.1016/j.jmps.2022.104932},
  urldate = {2024-10-14},
  langid = {english}
}

@phdthesis{skogvollSymmetrytopology,
  type = {Thesis},
  title = {Symmetry, Topology, and Crystal Deformations: A Phase-Field Crystal Approach},
  author = {Skogvoll, Vidar},
  langid = {english}
}

@article{skogvollunifiedfield2023,
  title = {A Unified Field Theory of Topological Defects and Non-Linear Local Excitations},
  author = {Skogvoll, Vidar and R{\o}nning, Jonas and Salvalaglio, Marco and Angheluta, Luiza},
  year = {2023},
  month = jul,
  journal = {npj Computational Materials},
  volume = {9},
  number = {1},
  pages = {1--13},
  publisher = {Nature Publishing Group},
  issn = {2057-3960},
  doi = {10.1038/s41524-023-01077-6},
  urldate = {2024-10-15},
  copyright = {2023 The Author(s)},
  langid = {english},
  keywords = {Phase transitions and critical phenomena,Structure of solids and liquids}
}

@article{stefanovicPhaseFieldCrystals2006,
  title = {Phase-{{Field Crystals}} with {{Elastic Interactions}}},
  author = {Stefanovic, Peter and Haataja, Mikko and Provatas, Nikolas},
  year = {2006},
  month = jun,
  journal = {Physical Review Letters},
  volume = {96},
  number = {22},
  pages = {225504},
  publisher = {American Physical Society},
  doi = {10.1103/PhysRevLett.96.225504},
  urldate = {2024-10-16}
}

@article{swiftHydrodynamicfluctuations1977,
  title = {Hydrodynamic Fluctuations at the Convective Instability},
  author = {Swift, J. and Hohenberg, P. C.},
  year = {1977},
  month = jan,
  journal = {Physical Review A},
  volume = {15},
  number = {1},
  pages = {319--328},
  publisher = {American Physical Society},
  doi = {10.1103/PhysRevA.15.319},
  urldate = {2024-10-15}
}

@article{thieleLocalizedStatesConserved2013,
  title = {Localized States in the Conserved {{Swift-Hohenberg}} Equation with Cubic Nonlinearity},
  author = {Thiele, Uwe and Archer, Andrew J. and Robbins, Mark J. and Gomez, Hector and Knobloch, Edgar},
  year = {2013},
  month = apr,
  journal = {Physical Review E},
  volume = {87},
  number = {4},
  pages = {042915},
  issn = {1539-3755, 1550-2376},
  doi = {10.1103/PhysRevE.87.042915},
  urldate = {2025-01-03},
  copyright = {http://link.aps.org/licenses/aps-default-license},
  langid = {english}
}

@article{tonerSmecticcholesteric1981,
  title = {Smectic, Cholesteric, and {{Rayleigh-Benard}} Order in Two Dimensions},
  author = {Toner, John and Nelson, David R.},
  year = {1981},
  month = jan,
  journal = {Physical Review B},
  volume = {23},
  number = {1},
  pages = {316--334},
  publisher = {American Physical Society},
  doi = {10.1103/PhysRevB.23.316},
  urldate = {2024-10-16}
}

@article{upadhyayCouplingPhaseField2024,
  title = {Coupling {{Phase Field Crystal}} and {{Field Dislocation Mechanics}} for a Consistent Description of Dislocation Structure and Elasticity},
  author = {Upadhyay, Manas V. and Vi{\~n}als, Jorge},
  year = {2024},
  month = nov,
  journal = {European Journal of Mechanics - A/Solids},
  volume = {108},
  pages = {105419},
  issn = {0997-7538},
  doi = {10.1016/j.euromechsol.2024.105419},
  urldate = {2025-01-03},
  keywords = {Dislocations,Distortions,Elasticity,Phase field,Stresses}
}

@article{varadhanDislocationtransport2006,
  title = {Dislocation Transport Using an Explicit {{Galerkin}}/Least-Squares Formulation},
  author = {Varadhan, S N and Beaudoin, A J and Acharya, A and Fressengeas, C},
  year = {2006},
  month = oct,
  journal = {Modelling and Simulation in Materials Science and Engineering},
  volume = {14},
  number = {7},
  pages = {1245--1270},
  issn = {0965-0393, 1361-651X},
  doi = {10.1088/0965-0393/14/7/011},
  urldate = {2024-10-14},
  langid = {english}
}

@phdthesis{wildeErsterGutachter,
  type = {{thesis}},
  title = {{Analysis of the Active Phase-Field-Crystal Model}},
  author = {Wilde, Dr Gerhard},
  year = {2019},
  langid = {ngerman}
}

@article{willisSecondordereffects1967,
  title = {Second-Order Effects of Dislocations in Anisotropic Crystals},
  author = {Willis, J. R.},
  year = {1967},
  month = feb,
  journal = {International Journal of Engineering Science},
  volume = {5},
  number = {2},
  pages = {171--190},
  issn = {0020-7225},
  doi = {10.1016/0020-7225(67)90003-1},
  urldate = {2024-10-07}
}

@article{wuPhasefieldcrystal2007,
  title = {Phase-Field Crystal Modeling of Equilibrium Bcc-Liquid Interfaces},
  author = {Wu, Kuo-An and Karma, Alain},
  year = {2007},
  month = nov,
  journal = {Physical Review B},
  volume = {76},
  number = {18},
  pages = {184107},
  publisher = {American Physical Society},
  doi = {10.1103/PhysRevB.76.184107},
  urldate = {2024-10-16}
}

@article{zhaiStabilityErrorEstimate2021,
  title = {Stability and {{Error Estimate}} of the {{Operator Splitting Method}} for the {{Phase Field Crystal Equation}}},
  author = {Zhai, Shuying and Weng, Zhifeng and Feng, Xinlong and He, Yinnian},
  year = {2021},
  month = jan,
  journal = {Journal of Scientific Computing},
  volume = {86},
  number = {1},
  pages = {8},
  issn = {1573-7691},
  doi = {10.1007/s10915-020-01386-8},
  urldate = {2024-12-23},
  langid = {english},
  keywords = {35K57,35R11,65M12,65M70,65T50,Fourier spectral method,Operator splitting method,Phase field crystal equation,SSP-RK method,Stability and convergence}
}

@article{zhangsingletheory2015,
  title = {A Single Theory for Some Quasi-Static, Supersonic, Atomic, and Tectonic Scale Applications of Dislocations},
  author = {Zhang, Xiaohan and Acharya, Amit and Walkington, Noel J. and Bielak, Jacobo},
  year = {2015},
  month = nov,
  journal = {Journal of the Mechanics and Physics of Solids},
  volume = {84},
  pages = {145--195},
  issn = {00225096},
  doi = {10.1016/j.jmps.2015.07.004},
  urldate = {2024-10-10},
  langid = {english}
}

@article{zhuDislocationmotion2013,
  title = {Dislocation Motion and Instability},
  author = {Zhu, Yichao and Chapman, Stephen Jonathan and Acharya, Amit},
  year = {2013},
  month = aug,
  journal = {Journal of the Mechanics and Physics of Solids},
  volume = {61},
  number = {8},
  pages = {1835--1853},
  issn = {00225096},
  doi = {10.1016/j.jmps.2013.03.002},
  urldate = {2024-10-14},
  langid = {english}
}
